@misc{hawking,
  author = {Stephen Hawking},
  title = {My Computer},
  howpublished = {\url{http://www.hawking.org.uk/the-computer.html}},
  note = {feb 2016}
}

@misc{mindflix,
 	author = {Daniel Jacobson and Ruslan Meshenberg and Leslie Posada and Tom Richards},
 	title = {Netflix Hack Day - Winter 2017},
   	howpublished = {\url{http://techblog.netflix.com/2017/01/netflix-hack-day-winter-2017.html}},
 	note = {feb 2016}
}

@misc{force,
 	title = {Star Wars The Force Trainer Review: How does it work},
   	howpublished = {\url{http://hubpages.com/games-hobbies/Star-Wars-The-Force-Trainer-How-does-it-work}},
 	note = {feb 2016}
}

